@TechReport{      Bilias:13,
  author    = {Bilias, Y. and Florios, K. and Skouras, S.},
  institution   = {Athens University of Economics and Business},
  title     = {Exact computation of censored least absolute deviations estimators},
  type      = {Technical Report},
  year      = {2013},
  note={Available at SSRN: http://ssrn.com/abstract=2372588},
}


@ARTICLE{Florios08,
	author={Florios, K. and Skouras, S.},
	title={Exact computation of max weighted score estimators},
	journal={Journal of Econometrics},
	year={2008},
	volume={146},
	number={1},
	pages={86-91},

}


\end{thebibliography}